% ГОСТ Р 7.0.11-2011, Приложение Б, Книги

@book{unicode1991unicode,
  title={The Unicode Standard: Worldwide Character Encoding},
  author={Unicode Staff, CORPORATE},
  year={1991},
  publisher={Addison-Wesley Longman Publishing Co., Inc.}
}

@article{mori1992historical,
  title={Historical review of OCR research and development},
  author={Mori, Shunji and Suen, Ching Y and Yamamoto, Kazuhiko},
  journal={Proceedings of the IEEE},
  volume={80},
  number={7},
  pages={1029--1058},
  year={1992},
  publisher={IEEE}
}

@article{herbert1982history,
  title={The history of OCR, optical character recognition},
  author={Herbert, HF},
  journal={Manchester Center, VT: Recognition Technologies Users Association},
  year={1982}
}

@article{salunke2015state,
  title={The State of the Art in Text Recognition Techniques},
  author={Salunke, Rohini and Badhe, Dipali and Doke, Vanita and Raykar, Yogeshwari and Thakare, Bhushan S},
  journal = {International Journal of Advanced Research in Computer and Communication Engineering},
  year={2015}
}

@inproceedings{breuel2013high,
  title={High-performance OCR for printed English and Fraktur using LSTM networks},
  author={Breuel, Thomas M and Ul-Hasan, Adnan and Al-Azawi, Mayce Ali and Shafait, Faisal},
  booktitle={Document Analysis and Recognition (ICDAR), 2013 12th International Conference on},
  pages={683--687},
  year={2013},
  organization={IEEE}
}

@article{rehman2012off,
  title={Off-line cursive script recognition: current advances, comparisons and remaining problems},
  author={Rehman, Amjad and Saba, Tanzila},
  journal={Artificial Intelligence Review},
  volume={37},
  number={4},
  pages={261--288},
  year={2012},
  publisher={Kluwer Academic Publishers}
}

@inproceedings{bunke2003recognition,
  title={Recognition of cursive roman handwriting: past, present and future},
  author={Bunke, Horst},
  booktitle={Document Analysis and Recognition, 2003. Proceedings. Seventh International Conference on},
  pages={448--459},
  year={2003},
  organization={IEEE}
}

@article{fujisawa2008forty,
  title={Forty years of research in character and document recognition—an industrial perspective},
  author={Fujisawa, Hiromichi},
  journal={Pattern Recognition},
  volume={41},
  number={8},
  pages={2435--2446},
  year={2008},
  publisher={Elsevier}
}


@article{steinherz1999offline,
  title={Offline cursive script word recognition--a survey},
  author={Steinherz, Tal and Rivlin, Ehud and Intrator, Nathan},
  journal={International Journal on Document Analysis and Recognition},
  volume={2},
  number={2-3},
  pages={90--110},
  year={1999},
  publisher={Springer}
}

@article{davis2007magic,
  title={Magic paper: sketch-understanding research},
  author={Davis, Randall},
  journal={IEEE Computer},
  volume={40},
  number={9},
  pages={34--41},
  year={2007}
}

@inproceedings{mitobe2004fast,
  title={A fast HMM algorithm based on stroke lengths for on-line recognition of handwritten music scores},
  author={Mitobe, Youichi and Miyao, Hidetoshi and Maruyama, Minoru},
  booktitle={Frontiers in Handwriting Recognition, 2004. IWFHR-9 2004. Ninth International Workshop on},
  pages={521--526},
  year={2004},
  organization={IEEE}
}

@inproceedings{miyao2004online,
  title={An online handwritten music score recognition system},
  author={Miyao, Hidetoshi and Maruyama, Minoru},
  booktitle={Pattern Recognition, 2004. ICPR 2004. Proceedings of the 17th International Conference on},
  volume={1},
  pages={461--464},
  year={2004},
  organization={IEEE}
}


@incollection{romero2012multimodal,
  title={Multimodal Interactive Transcription of Ancient Text Images},
  author={Romero, Ver{\'o}nica and S{\'a}nchez, Joan Andreu and Toselli, Alejandro H and Vidal, Enrique},
  booktitle={Multimedia for Cultural Heritage},
  pages={63--73},
  year={2012},
  publisher={Springer}
}

@inproceedings{frinken2013handwriting,
  title={Handwriting recognition in historical documents using very large vocabularies},
  author={Frinken, Volkmar and Fischer, Andreas and Mart{\'\i}nez-Hinarejos, Carlos-D},
  booktitle={Proceedings of the 2nd International Workshop on Historical Document Imaging and Processing},
  pages={67--72},
  year={2013},
  organization={ACM}
}

@phdthesis{edwards2007easily,
  title={Easily adaptable handwriting recognition in historical manuscripts},
  author={Edwards, John Alexander and others},
  year={2007},
  school={University of California, Berkeley}
}

@article{plotz2009markov,
  title={Markov models for offline handwriting recognition: a survey},
  author={Pl{\"o}tz, Thomas and Fink, Gernot A},
  journal={International Journal on Document Analysis and Recognition (IJDAR)},
  volume={12},
  number={4},
  pages={269--298},
  year={2009},
  publisher={Springer}
}


@article{wienecke2005toward,
  title={Toward automatic video-based whiteboard reading},
  author={Wienecke, Markus and Fink, Gernot A and Sagerer, Gerhard},
  journal={International Journal of Document Analysis and Recognition (IJDAR)},
  volume={7},
  number={2-3},
  pages={188--200},
  year={2005},
  publisher={Springer}
}


// Leaders

@article{graves2009novel,
  title={A novel connectionist system for unconstrained handwriting recognition},
  author={Graves, Alex and Liwicki, Marcus and Fern{\'a}ndez, Santiago and Bertolami, Roman and Bunke, Horst and Schmidhuber, J{\"u}rgen},
  journal={Pattern Analysis and Machine Intelligence, IEEE Transactions on},
  volume={31},
  number={5},
  pages={855--868},
  year={2009},
  publisher={IEEE}
}

@article{espana2011improving,
  title={Improving offline handwritten text recognition with hybrid HMM/ANN models},
  author={Espana-Boquera, Salvador and Castro-Bleda, Maria Jose and Gorbe-Moya, Jorge and Zamora-Martinez, Franisco},
  journal={Pattern Analysis and Machine Intelligence, IEEE Transactions on},
  volume={33},
  number={4},
  pages={767--779},
  year={2011},
  publisher={IEEE}
}

@article{zamora2014neural,
  title={Neural network language models for off-line handwriting recognition},
  author={Zamora-Mart{\'\i}nez, Francisco and Frinken, Volkmar and Espa{\~n}a-Boquera, Salvador and Castro-Bleda, Maria Jose and Fischer, Andreas and Bunke, Horst},
  journal={Pattern Recognition},
  volume={47},
  number={4},
  pages={1642--1652},
  year={2014},
  publisher={Elsevier}
}

@inproceedings{kozielski2013improvements,
  title={Improvements in RWTH's System for Off-Line Handwriting Recognition},
  author={Kozielski, Michal and Doetsch, Patrick and Ney, Hermann},
  booktitle={Document Analysis and Recognition (ICDAR), 2013 12th International Conference on},
  pages={935--939},
  year={2013},
  organization={IEEE}
}

@inproceedings{frinken2014novel,
  title={A Novel HMM Decoding Algorithm Permitting Long-Term Dependencies and Its Application to Handwritten Word Recognition},
  author={Frinken, Volkmar and Kakisako, Ryosuke and Uchida, Seiichi},
  booktitle={Frontiers in Handwriting Recognition (ICFHR), 2014 14th International Conference on},
  pages={128--133},
  year={2014},
  organization={IEEE}
}

@inproceedings{kozielski2014multilingual,
  title={Multilingual Off-line Handwriting Recognition in Real-world Images},
  author={Kozielski, Michal and Doetsch, Patrick and Hamdani, Mahdi and Ney, Hermann},
  booktitle={Document Analysis Systems (DAS), 2014 11th IAPR International Workshop on},
  pages={121--125},
  year={2014},
  organization={IEEE}
}

@inproceedings{pham2014dropout,
  title={Dropout improves recurrent neural networks for handwriting recognition},
  author={Pham, Vu and Bluche, Th{\'e}odore and Kermorvant, Christopher and Louradour, J{\'e}r{\^o}me},
  booktitle={Frontiers in Handwriting Recognition (ICFHR), 2014 14th International Conference on},
  pages={285--290},
  year={2014},
  organization={IEEE}
}

@inproceedings{frinken2011co,
  title={Co-training for handwritten word recognition},
  author={Frinken, Volkmar and Fischer, Andreas and Bunke, Horst and Foornes, Alicia},
  booktitle={Document Analysis and Recognition (ICDAR), 2011 International Conference on},
  pages={314--318},
  year={2011},
  organization={IEEE}
}



// Далее
@phdthesis{поцепаев2004восстановление,
  title={Восстановление траектории движения пера по изображению символа для распознавания рукописного текста},
  author={Поцепаев, Роман Валерьевич},
  year={2004},
  school={[Моск. физ.-техн. ин-т] М.}
}


@article{durebrandt2015segmentation,
  title={Segmentation and Beautification of Handwriting using Mobile Devices},
  author={D{\"u}rebrandt, Jesper},
  year={2015}
}

@book{suen1994thinning,
  title={Thinning methodologies for pattern recognition},
  author={Suen, Ching Y and Wang, Patrick Shen-pei},
  volume={8},
  year={1994},
  publisher={World Scientific}
}

@article{fujisawa2007robustness,
  title={Robustness design of industrial strength recognition systems},
  author={Fujisawa, Hiromichi},
  journal={Digital Document Processing: Major Diretions and Recent Advances},
  pages={185--212},
  year={2007},
  publisher={Springer}
}

@article{madhvanath1999chaincode,
  title={Chaincode contour processing for handwritten word recognition},
  author={Madhvanath, Sriganesh and Kim, Gyeonghwan and Govindaraju, Venu},
  journal={IEEE Transactions on Pattern Analysis \& Machine Intelligence},
  number={9},
  pages={928--932},
  year={1999},
  publisher={IEEE}
}

@article{likforman2007text,
  title={Text line segmentation of historical documents: a survey},
  author={Likforman-Sulem, Laurence and Zahour, Abderrazak and Taconet, Bruno},
  journal={International Journal of Document Analysis and Recognition (IJDAR)},
  volume={9},
  number={2-4},
  pages={123--138},
  year={2007},
  publisher={Springer}
}

@article{casey1996survey,
  title={A survey of methods and strategies in character segmentation},
  author={Casey, Richard G and Lecolinet, Eric},
  journal={Pattern Analysis and Machine Intelligence, IEEE Transactions on},
  volume={18},
  number={7},
  pages={690--706},
  year={1996},
  publisher={IEEE}
}

@inproceedings{lavrenko2004holistic,
  title={Holistic word recognition for handwritten historical documents},
  author={Lavrenko, Victor and Rath, Toni M and Manmatha, R},
  booktitle={Document Image Analysis for Libraries, 2004. Proceedings. First International Workshop on},
  pages={278--287},
  year={2004},
  organization={IEEE}
}


@phdthesis{guillevic1995unconstrained,
  title={Unconstrained handwriting recognition applied to the processing of bank cheques},
  author={Guillevic, Didier},
  year={1995},
  school={Concordia University}
}

@article{kim1997lexicon,
  title={A lexicon driven approach to handwritten word recognition for real-time applications},
  author={Kim, Gyeonghwan and Govindaraju, Venu},
  journal={Pattern Analysis and Machine Intelligence, IEEE Transactions on},
  volume={19},
  number={4},
  pages={366--379},
  year={1997},
  publisher={IEEE}
}

@techreport{vinciarelli2003offline,
  title={Offline cursive handwriting: From word to text recognition},
  author={Vinciarelli, Alessandro},
  year={2003},
  institution={IDIAP}
}



@article{шлезингер2004десять,
  title={Десять лекций по статистическому и структурному распознаванию},
  author={Шлезингер, Михаил and Главач, ВАЦЛАВ},
  journal={Киев: Наукова думка},
  volume={546},
  year={2004}
}

@book{bishop2006pattern,
  title={Pattern recognition and machine learning},
  author={Bishop, Christopher M},
  year={2006},
  publisher={springer}
}


@book{cheriet2007character,
  title={Character recognition systems: a guide for students and practitioners},
  author={Cheriet, Mohamed and Kharma, Nawwaf and Liu, Cheng-Lin and Suen, Ching},
  year={2007},
  publisher={John Wiley \& Sons}
}

@article{graves2013generating,
  title={Generating sequences with recurrent neural networks},
  author={Graves, Alex},
  journal={arXiv preprint arXiv:1308.0850},
  year={2013}
}

@book{graves2012supervised,
  title={Supervised sequence labelling with recurrent neural networks},
  author={Graves, Alex and others},
  volume={385},
  year={2012},
  publisher={Springer}
}


@book{murphy2012machine,
  title={Machine learning: a probabilistic perspective},
  author={Murphy, Kevin P},
  year={2012},
  publisher={MIT press}
}


@article{vidal2014d5,
  title={D5. 1.2: Description and evaluation of software for integrating interactive DIA, HTR, and KWS},
  author={Vidal, Enrique and Leiva, Luis A and Gatos, Basilis and Pratikakis, Iannis and Kahle, Philip},
  year={2014}
}


@article{young2006htk,
  title={The HTK book (for HTK version 3.4)},
  author={Young, Steve and Evermann, Gunnar and Gales, Mark and Hain, Thomas and Kershaw, Dan and Liu, Xunying A and Moore, Gareth and Odell, Julian and Ollason, Dave and Povey, Dan and others},
  year={2006}
}


@phdthesis{tay2002offline,
  title={Offline handwriting recognition using artificial neural network and hidden markov model},
  author={Tay, Yong Haur},
  year={2002},
  school={Universiti Teknologi Malaysia, Faculty of Electrical Engineering}
}

@phdthesis{fischer2012handwriting,
  title={Handwriting recognition in historical documents},
  author={Fischer, Andreas},
  year={2012}
}

@incollection{bunke2007off,
  title={Off-line Roman cursive handwriting recognition},
  author={Bunke, Horst and Varga, Tam{\'a}s},
  booktitle={Digital Document Processing},
  pages={165--183},
  year={2007},
  publisher={Springer}
}